%% This BibTeX bibliography file was created using BibDesk.
%% http://bibdesk.sourceforge.net/


%% Created for Serge Stinckwich at 2012-05-29 17:05:35 +0700 


%% Saved with string encoding Unicode (UTF-8) 



@inproceedings{teichteil2011,
	Address = {Shanghai, China},
	Author = {Teichteil-K{\"o}nigsbuch, F. and Lesire, C. and Infantes, G.},
	Booktitle = {Proceedings of the 2010 IEEE International Conference on Robotics and Automation (ICRA)},
	Date-Modified = {2012-05-29 10:05:34 +0000},
	Pages = {299-304},
	Title = {{A Generic Framework for Anytime Execution-driven Planning in Robotics}},
	Year = {2011}}

@inproceedings{carvalho2012,
	Address = {Montpellier, France},
	Author = {Carvalho Chanel, C. P. and Teichteil-K{\"o}nigsbuch, F. and Lesire, C.},
	Booktitle = {Proceedings of the 7th Conference on Prestigious Applications of Intelligent Systems (PAIS)},
	Title = {{POMDP-based online target detection and recognition for autonomous UAVs}},
	Year = {2012}}

@inproceedings{barbier2011,
	Address = {Milano, Italy},
	Author = {Barbier, M. and Gabard, J.-F. and Bertholom, A. and Dupas, Y.},
	Booktitle = {Proceedings of the 18th IFAC World Congress},
	Date-Modified = {2012-05-29 09:14:44 +0000},
	Pages = {11797-11802},
	Title = {{An Onboard Software Decisional Architecture for Rapid Environmental Assessment Missions}},
	Year = {2011}}
