@InProceedings{JOYEUX-ICRA-2005,
  author = 	 {S. Joyeux and A. Lampe and R. Alami and S. Lacroix}, 
  title = 	 {Simulation in the {L}{A}{A}{S} architecture},   
  type =	 {workshop},
  booktitle = 	 {Workshop on principle and practice of software development
                  in robotics, IEEE ICRA, Barcelona (Spain)}, 
  year =	 {2005},
  month =	 {April},
}

@InProceedings{GOKTOGAN-ISMA-2007,
  author = 	 {A. Goktogan and S. Sukkarieh},
  title = 	 {Simulation of multi-{UAV} missions in a real-time distributed
                  hardware-in-the-loop simulator}, 
  booktitle = {4th International Symposium on Mechatronics and its
                  Applications (ISMA07), Sharjah, U.A.E}, 
  year = 	 {2007},
  month = 	 {March},
}

@InProceedings{WATANABE-AHS-2010,
author       = {Y. Watanabe and C. Lesire and A. Piquereau and P. Fabiani and M. Sanfourche and G. Le Besnerais},
title        = {The ONERA ReSSAC Unmanned Autonomous Helicopter : Visual Air-to-Ground Target Tracking in an Urban Environment},
booktitle    = {American Helicopter Society 66th Annual Forum},
year         = {2010},
month        = {May},
}

@InProceedings{Koenig04designand,
    author = {N. Koenig and A. Howard},
    title = {Design and Use Paradigms for Gazebo, An Open-Source Multi-Robot Simulator},
    booktitle = {In IEEE/RSJ International Conference on Intelligent Robots and Systems},
    year = {2004},
    pages = {2149--2154}
}

@InProceedings{Gerkey03theplayer/stage,
    author = {B. P. Gerkey and R. T. Vaughan and A. Howard},
    title = {The Player/Stage Project: Tools for Multi-Robot and Distributed Sensor Systems},
    booktitle = {In Proceedings of the 11th International Conference on Advanced Robotics},
    year = {2003},
    pages = {317--323},
}

@InProceedings{Simeon01move3d:a,
	author = {T. Sim{\'e}on and J-{P}. Laumond and F. Lamiraux},
	title = {Move3D: a generic platform for path planning},
	booktitle = {in 4th Int. Symp. on Assembly and Task Planning},
	year = {2001},
	pages = {25--30}
}

@InProceedings{Kanehiro02openarchitecture,
    author = {F. Kanehiro and K. Fujiwara and S. Kajita and K. Yokoi and K. Kaneko and H. Hirukawa},
    title = {Open architecture humanoid robotics platform},
    booktitle = {Proceedings of the IEEE ICRA},
    year = {2002},
    pages = {24--30},
}

@InProceedings{malletGenom3,
	author = {A. Mallet and C. Pasteur and M. Herrb and S. Lemaignan and F. F. Ingrand},
	title = {GenoM3: Building Middleware-Independent Robotic Components},
	booktitle = {Proceedings of the IEEE ICRA},
	year = {2010},
}

@InProceedings{morseICRA2011,
    author = {G. Echeverria and N. Lassabe and A. Degroote and S. Lemaignan},
    title = {Modular OpenRobots Simulation Engine: MORSE},
	booktitle = {Proceedings of the IEEE ICRA},
    year = {2011}
}


@InProceedings{mohamed|ram08,
  author =       {N. Mohamed and J. Al-Jaroodi and I. Jawhar},
  title =        {Middleware for Robotics: A survey},
  pages =    {736-742},
  booktitle =     {IEEE International Conference on Robotics, Automation and
                  Mechatronics (RAM 2008), Chengduo (China)},
  year = {2008},
}

@InProceedings{shakhimardanov|iros07,
  author =   {A. Shakhimardanov and E. Prassler},
  title =    {Comparative evaluation of robotic software integration
                  systems: A case study},
  booktitle = 	 {IEEE/RSJ International Conference on Intelligent Robots and
                  Systems, San Diego (USA)},
  year = {2007},
}

@InProceedings{iTaSC,
  author={Smits, R. and De Laet, T. and Claes, K. and Bruyninckx, H. and De Schutter, J.},
  booktitle={IEEE International Conference on Multisensor Fusion and Integration for Intelligent Systems},
  title={iTASC: a tool for multi-sensor integration in robot manipulation},
  year={2008},
  month=aug.,
  volume={},
  number={},
  pages={426 -433},
  keywords={cameras;constraint-based approach;encoder;force sensor;geometric uncertainty estimation;iTASC;instantaneous task specification and control;laser distance sensor;laser scanner;multisensor integration;robot manipulation;sensor-based robot system;manipulators;multi-robot systems;robot programming;sensor fusion;},
  doi={10.1109/MFI.2008.4648032},
  ISSN={},
}

@InProceedings{Rusu07extendingplayer/stage/gazebo,
  author = {R. B. Rusu and A. Maldonado and M. Beetz and Intelligent Autonomous Systems and Technische Universität München},
  title = {Extending Player/Stage/Gazebo towards cognitive robots acting in ubiquitous sensor-equipped environments},
  booktitle = {in Accepted for the IEEE ICRA Workshop for Network Robot System, 2007, April 14},
  year = {2007}
}


@Proceedings{IROS-SIMULATION-WKP-2008,
  title =    {Workshop on robot simulators: available software, scientific
                  applications and future (along with IROS'08, Nice, France)},
  year =     {2008},
  month =    {Sept.},
}

@Proceedings{SIMPAR-2008,
  title =    {International Conference on {S}imulation, {M}odeling and
                  {P}rogramming for {A}utonomous {R}obots (SIMPAR 2008)
                  Venice(Italy)},
  year = {2008},
  month = {Nov},
}


@Incollection{Petters08Testing,
   author = {Petters, S. and Thomas, D. and Friedmann, M. and von Stryk, O.},
   affiliation = {Technische Universität Darmstadt Department of Computer Science Hochschulstr. 10 D-64289 Darmstadt Germany},
   title = {Multilevel Testing of Control Software for Teams of Autonomous Mobile Robots},
   booktitle = {Simulation, Modeling, and Programming for Autonomous Robots},
   series = {Lecture Notes in Computer Science},
   editors = {Carpin, Stefano and Noda, Itsuki and Pagello, Enrico and Reggiani, Monica and von Stryk, Oskar},
   publisher = {Springer Berlin / Heidelberg},
   isbn = {},
   pages = {183-194},
   volume = {5325},
   year = {2008}

}


@Article{KanehiroHK04,
  author    = {F. Kanehiro and
               H. Hirukawa and
               S. Kajita},
  title     = {OpenHRP: Open Architecture Humanoid Robotics Platform},
  journal   = {I. J. Robotic Res.},
  volume    = {23},
  number    = {2},
  year      = {2004},
  pages     = {155-165},
}

@Article{Webots04,
  AUTHOR  = {Michel, O.},
  TITLE   = {Webots: Professional Mobile Robot Simulation},
  JOURNAL = {Journal of Advanced Robotics Systems},
  YEAR    = {2004},
  VOLUME  = {1},
  NUMBER  = {1},
  PAGES   = {39--42},
  URL     = {http://www.ars-journal.com/International-Journal-of-
             Advanced-Robotic-Systems/Volume-1/39-42.pdf}
}

@Article{Lewis07usarsim:,
    author = {M. Lewis and J. Wang and S. Hughes},
    title = {USARSim : Simulation for the Study of Human-Robot Interaction},
    journal = {Journal of Cognitive Engineering and Decision Making},
    year = {2007},
    volume = {2007},
    pages = {98--120}
}

@Article{kramer|ar08,
  author =       {J. Kramer and M. Scheutz},
  title =        {Development environments for autonomous mobile robots: A survey},
  pages =    {101-132},
  year =     {2007},
  volume =   {22},
  journal =  {Autonomous Robots Journal}
}

@Article{metta|ars06,
  author =   {G. Metta and P. Fitzpatrick and L. Natale},
  title =    {{YARP}: yet another robot platform},
  journal =  {International Journal of Advanced Robotic Systems},
  year =     {2006},
  volume =   {3},
  number =   {1},
  pages =    {43-48}
}

@Article{DeSchutter-ijrr2007,
  author      = {De~Schutter, J. and De~Laet, T. and
             Rutgeerts, J. and Decr\'e, W. and Smits, R. and
             Aertbeli\"en, E. and Claes, K. and
             Bruyninckx, H.},
  title       = {Constraint-Based Task Specification and Estimation
             for Sensor-Based Robot Systems in the
             Presence of Geometric Uncertainty},
  journal     = ijrr,
  volume      = {26},
  number      = {5},
  pages       = {433--455},
  year        = {2007},
  keywords    = {constraint-based programming, task specification,
             iTaSC, estimation, geometric uncertainty}
}



@Misc{ZYKOV-IROS-2010,
author = {V. Zykov and P. Williams and N. Lassabe and H. Lipson},
title = {Molecubes Extended: Diversifying Capabilities of Open-Source Modular Robotics},
howpublished = {International Conference on Intelligent Robots and Systems (IROS), workshop on Self-Reconfigurable Robotic},
  year = {2008},
}


@Misc{blender|web,
  TITLE = {{B}lender 3{D}},
  howpublished   = {\texttt{http://www.blender.org}}
}

@Misc{MSRoboticsStudio|web,
  TITLE = {Microsoft Robotics Developer Studio},
  howpublished = {\texttt{http://www.microsoft.com/robotics/}}
}

@Misc{CogmationRobotics|web,
  TITLE = {Cogmation Robotics Simulation},
  howpublished = {\texttt{http://www.cogmation.com/}}
}

@Misc{blender4robotics|web,
  TITLE = {Blender for Robotics Interest Group},
  howpublished = {\texttt{http://wiki.blender.org/index.php/Robotics}}
}

@Misc{SimplySim|web,
 TITLE = {SimplySim},
 howpublished = {\texttt{http://www.simplysim.net}}
}

@Misc{Pocolibs|web,
 TITLE = {Pocolibs},
 howpublished = {\texttt{http://pocolibs.openrobots.org}}
}

@Misc{corba|web,
  key =      {corba},
  title =    {{OMG} {CORBA} 3.1},
  howpublished = {\texttt{http://www.omg.org/spec/CORBA/3.1}}
}

@Misc{orocos|web,
  key =      {Orocos},
  title =    {{T}he {O}rocos {P}roject},
  organisation = {},
  howpublished = {\texttt{http\string://www.orocos.org}}
}

@Misc{ros|web,
  key =      {ros},
  title =    {{ROS}: {R}obot {O}perating {S}ystem},
  organization = {Willow Garage},
  howpublished = {\texttt{http://www.ros.org}}
}
